@article{cirel1980quantum,
  title={Quantum generalizations of Bell's inequality},
  author={Cirel'son, Boris S},
  journal={Letters in Mathematical Physics},
  volume={4},
  number={2},
  pages={93--100},
  year={1980},
  publisher={Springer}
}
@article {prbox,
   author = {Popescu, Sandu and Rohrlich, Daniel},
   affiliation = {Universit Libre de Bruxelles, Campus Plaine Boulevard du Triomphe C.P. 225 B-1050 Bruxelles Belgium Boulevard du Triomphe C.P. 225 B-1050 Bruxelles Belgium},
   title = {Quantum nonlocality as an axiom},
   journal = {Foundations of Physics},
   publisher = {Springer Netherlands},
   issn = {0015-9018},
   keyword = {Physics and Astronomy},
   pages = {379-385},
   volume = {24},
   issue = {3},
   url = {http://dx.doi.org/10.1007/BF02058098},
   note = {10.1007/BF02058098},
   year = {1994}
}
@article{Aspect1982PhysRevLett.49.91,
  title = {Experimental Realization of Einstein-Podolsky-Rosen-Bohm Gedankenexperiment: A New Violation of Bell's Inequalities},
  author = {Aspect, Alain and Grangier, Philippe and Roger, G\'erard},
  journal = {Phys. Rev. Lett.},
  volume = {49},
  issue = {2},
  pages = {91--94},
  numpages = {0},
  year = {1982},
  month = {Jul},
  publisher = {American Physical Society},
  doi = {10.1103/PhysRevLett.49.91},
  url = {http://link.aps.org/doi/10.1103/PhysRevLett.49.91}
}
@article{Weihs98,
  title = {Violation of Bell's Inequality under Strict Einstein Locality Conditions},
  author = {Weihs, Gregor and Jennewein, Thomas and Simon, Christoph and Weinfurter, Harald and Zeilinger, Anton},
  journal = {Phys. Rev. Lett.},
  volume = {81},
  issue = {23},
  pages = {5039--5043},
  numpages = {0},
  year = {1998},
  month = {Dec},
  publisher = {American Physical Society},
  doi = {10.1103/PhysRevLett.81.5039},
  url = {http://link.aps.org/doi/10.1103/PhysRevLett.81.5039}
}
@article{Christensen13,
  title = {Detection-Loophole-Free Test of Quantum Nonlocality, and Applications},
  author = {Christensen, B. G. and McCusker, K. T. and Altepeter, J. B. and Calkins, B. and Gerrits, T. and Lita, A. E. and Miller, A. and Shalm, L. K. and Zhang, Y. and Nam, S. W. and Brunner, N. and Lim, C. C. W. and Gisin, N. and Kwiat, P. G.},
  journal = {Phys. Rev. Lett.},
  volume = {111},
  issue = {13},
  pages = {130406},
  numpages = {5},
  year = {2013},
  month = {Sep},
  publisher = {American Physical Society},
  doi = {10.1103/PhysRevLett.111.130406},
  url = {http://link.aps.org/doi/10.1103/PhysRevLett.111.130406}
}
@article{giustina2013bell,
  title={Bell violation using entangled photons without the fair-sampling assumption},
  author={Giustina, Marissa and Mech, Alexandra and Ramelow, Sven and Wittmann, Bernhard and Kofler, Johannes and Beyer, J{\"o}rn and Lita, Adriana and Calkins, Brice and Gerrits, Thomas and Nam, Sae Woo and others},
  journal={Nature},
  volume={497},
  number={7448},
  pages={227--230},
  year={2013},
  publisher={Nature Publishing Group}
}
@article{hofmann2012heralded,
  title={Heralded entanglement between widely separated atoms},
  author={Hofmann, Julian and Krug, Michael and Ortegel, Norbert and G{\'e}rard, Lea and Weber, Markus and Rosenfeld, Wenjamin and Weinfurter, Harald},
  journal={Science},
  volume={337},
  number={6090},
  pages={72--75},
  year={2012},
  publisher={American Association for the Advancement of Science}
}
@article{PhysRevD.2.1418,
  title = {Hidden-Variable Example Based upon Data Rejection},
  author = {Pearle, Philip M.},
  journal = {Phys. Rev. D},
  volume = {2},
  issue = {8},
  pages = {1418--1425},
  numpages = {0},
  year = {1970},
  month = {Oct},
  publisher = {American Physical Society},
  doi = {10.1103/PhysRevD.2.1418},
  url = {http://link.aps.org/doi/10.1103/PhysRevD.2.1418}
}
@article{Garg87,
  title = {Detector inefficiencies in the Einstein-Podolsky-Rosen experiment},
  author = {Garg, Anupam and Mermin, N. D.},
  journal = {Phys. Rev. D},
  volume = {35},
  issue = {12},
  pages = {3831--3835},
  numpages = {0},
  year = {1987},
  month = {Jun},
  publisher = {American Physical Society},
  doi = {10.1103/PhysRevD.35.3831},
  url = {http://link.aps.org/doi/10.1103/PhysRevD.35.3831}
}
@article{CH74,
  title = {Experimental consequences of objective local theories},
  author = {Clauser, John F. and Horne, Michael A.},
  journal = {Phys. Rev. D},
  volume = {10},
  issue = {2},
  pages = {526--535},
  numpages = {0},
  year = {1974},
  month = {Jul},
  publisher = {American Physical Society},
  doi = {10.1103/PhysRevD.10.526},
  url = {http://link.aps.org/doi/10.1103/PhysRevD.10.526}
}
@article{Eberhard93,
  title = {Background level and counter efficiencies required for a loophole-free Einstein-Podolsky-Rosen experiment},
  author = {Eberhard, Philippe H.},
  journal = {Phys. Rev. A},
  volume = {47},
  issue = {2},
  pages = {R747--R750},
  numpages = {0},
  year = {1993},
  month = {Feb},
  publisher = {American Physical Society},
  doi = {10.1103/PhysRevA.47.R747},
  url = {http://link.aps.org/doi/10.1103/PhysRevA.47.R747}
}
@article{Massar03,
  title = {Violation of local realism versus detection efficiency},
  author = {Massar, Serge and Pironio, Stefano},
  journal = {Phys. Rev. A},
  volume = {68},
  issue = {6},
  pages = {062109},
  numpages = {7},
  year = {2003},
  month = {Dec},
  publisher = {American Physical Society},
  doi = {10.1103/PhysRevA.68.062109},
  url = {http://link.aps.org/doi/10.1103/PhysRevA.68.062109}
}
@article{Wilms08,
  title = {Local realism, detection efficiencies, and probability polytopes},
  author = {Wilms, J. and Disser, Y. and Alber, G. and Percival, I. C.},
  journal = {Phys. Rev. A},
  volume = {78},
  issue = {3},
  pages = {032116},
  numpages = {8},
  year = {2008},
  month = {Sep},
  publisher = {American Physical Society},
  doi = {10.1103/PhysRevA.78.032116},
  url = {http://link.aps.org/doi/10.1103/PhysRevA.78.032116}
}
@article{rowe2001experimental,
  title={Experimental violation of a Bell's inequality with efficient detection},
  author={Rowe, Mary A and Kielpinski, David and Meyer, Volker and Sackett, Charles A and Itano, Wayne M and Monroe, Christopher and Wineland, David J},
  journal={Nature},
  volume={409},
  number={6822},
  pages={791--794},
  year={2001},
  publisher={Nature Publishing Group}
}
@article{Hall10,
  title = {Local Deterministic Model of Singlet State Correlations Based on Relaxing Measurement Independence},
  author = {Hall, Michael J. W.},
  journal = {Phys. Rev. Lett.},
  volume = {105},
  issue = {25},
  pages = {250404},
  numpages = {4},
  year = {2010},
  month = {Dec},
  publisher = {American Physical Society},
  doi = {10.1103/PhysRevLett.105.250404},
  url = {http://link.aps.org/doi/10.1103/PhysRevLett.105.250404}
}
@ARTICLE{Larsson14,
   author = {{Larsson}, J.-{\AA}.},
    title = "{Loopholes in Bell inequality tests of local realism}",
  journal = {Journal of Physics A Mathematical General},
     year = 2014,
    month = oct,
   volume = 47,
      eid = {424003},
    pages = {4003P},
      doi = {10.1088/1751-8113/47/42/424003},
   adsurl = {http://adsabs.harvard.edu/abs/2014JPhA...47P4003L},
  adsnote = {Provided by the SAO/NASA Astrophysics Data System}
}
@ARTICLE{Kofler14,
   author = {{Kofler}, J. and {Giustina}, M.},
    title = "{Requirements for a loophole-free Bell test using imperfect setting generators}",
  journal = {ArXiv e-prints},
archivePrefix = "arXiv",
   eprint = {1411.4787},
 primaryClass = "quant-ph",
 keywords = {Quantum Physics},
     year = 2014,
    month = nov,
   adsurl = {http://adsabs.harvard.edu/abs/2014arXiv1411.4787K},
  adsnote = {Provided by the SAO/NASA Astrophysics Data System}
}
@article{Koh12,
  title = {Effects of Reduced Measurement Independence on Bell-Based Randomness Expansion},
  author = {Koh, Dax Enshan and Hall, Michael J. W. and Setiawan and Pope, James E. and Marletto, Chiara and Kay, Alastair and Scarani, Valerio and Ekert, Artur},
  journal = {Phys. Rev. Lett.},
  volume = {109},
  issue = {16},
  pages = {160404},
  numpages = {5},
  year = {2012},
  month = {Oct},
  publisher = {American Physical Society},
  doi = {10.1103/PhysRevLett.109.160404},
  url = {http://link.aps.org/doi/10.1103/PhysRevLett.109.160404}
}
@article{Pope13,
  title = {Limited measurement dependence in multiple runs of a Bell test},
  author = {Pope, James E. and Kay, Alastair},
  journal = {Phys. Rev. A},
  volume = {88},
  issue = {3},
  pages = {032110},
  numpages = {7},
  year = {2013},
  month = {Sep},
  publisher = {American Physical Society},
  doi = {10.1103/PhysRevA.88.032110},
  url = {http://link.aps.org/doi/10.1103/PhysRevA.88.032110}
}
@article{Gallicchio14,
  title = {Testing Bell¡¯s Inequality with Cosmic Photons: Closing the Setting-Independence Loophole},
  author = {Gallicchio, Jason and Friedman, Andrew S. and Kaiser, David I.},
  journal = {Phys. Rev. Lett.},
  volume = {112},
  issue = {11},
  pages = {110405},
  numpages = {5},
  year = {2014},
  month = {Mar},
  publisher = {American Physical Society},
  doi = {10.1103/PhysRevLett.112.110405},
  url = {http://link.aps.org/doi/10.1103/PhysRevLett.112.110405}
}
@article{Yuan15,
  title = {Randomness requirement on the Clauser-Horne-Shimony-Holt Bell test in the multiple-run scenario},
  author = {Yuan, Xiao and Cao, Zhu and Ma, Xiongfeng},
  journal = {Phys. Rev. A},
  volume = {91},
  issue = {3},
  pages = {032111},
  numpages = {7},
  year = {2015},
  month = {Mar},
  publisher = {American Physical Society},
  doi = {10.1103/PhysRevA.91.032111},
  url = {http://link.aps.org/doi/10.1103/PhysRevA.91.032111}
}
@article{Koh12,
  title = {Effects of Reduced Measurement Independence on Bell-Based Randomness Expansion},
  author = {Koh, Dax Enshan and Hall, Michael J. W. and Setiawan and Pope, James E. and Marletto, Chiara and Kay, Alastair and Scarani, Valerio and Ekert, Artur},
  journal = {Phys. Rev. Lett.},
  volume = {109},
  issue = {16},
  pages = {160404},
  numpages = {5},
  year = {2012},
  month = {Oct},
  publisher = {American Physical Society},
  doi = {10.1103/PhysRevLett.109.160404},
  url = {http://link.aps.org/doi/10.1103/PhysRevLett.109.160404}
}
@article{Pope13,
  title = {Limited measurement dependence in multiple runs of a Bell test},
  author = {Pope, James E. and Kay, Alastair},
  journal = {Phys. Rev. A},
  volume = {88},
  issue = {3},
  pages = {032110},
  numpages = {7},
  year = {2013},
  month = {Sep},
  publisher = {American Physical Society},
  doi = {10.1103/PhysRevA.88.032110},
  url = {http://link.aps.org/doi/10.1103/PhysRevA.88.032110}
}
@ARTICLE{Yuan15b,
   author = {{Yuan}, X. and {Zhao}, Q. and {Ma}, X.},
    title = "{Clauser-Horne Bell test with imperfect random inputs}",
  journal = {ArXiv e-prints},
archivePrefix = "arXiv",
   eprint = {1505.04272},
 primaryClass = "quant-ph",
 keywords = {Quantum Physics},
     year = 2015,
    month = may,
   adsurl = {http://adsabs.harvard.edu/abs/2015arXiv150504272Y},
  adsnote = {Provided by the SAO/NASA Astrophysics Data System}
}
@article{Ma2005Practical,
  title = {Practical decoy state for quantum key distribution},
  author = {Ma, Xiongfeng and Qi, Bing and Zhao, Yi and Lo, Hoi-Kwong},
  journal = {Phys. Rev. A},
  volume = {72},
  issue = {1},
  pages = {012326},
  numpages = {15},
  year = {2005},
  month = {Jul},
  publisher = {American Physical Society},
  doi = {10.1103/PhysRevA.72.012326},
  url = {http://link.aps.org/doi/10.1103/PhysRevA.72.012326}
}

@article{Lo2005Decoy,
  title = {Decoy State Quantum Key Distribution},
  author = {Lo, Hoi-Kwong and Ma, Xiongfeng and Chen, Kai},
  journal = {Phys. Rev. Lett.},
  volume = {94},
  issue = {23},
  pages = {230504},
  numpages = {4},
  year = {2005},
  month = {Jun},
  publisher = {American Physical Society},
  doi = {10.1103/PhysRevLett.94.230504},
  url = {http://link.aps.org/doi/10.1103/PhysRevLett.94.230504}
}

@ARTICLE{Qi2007Time,
  AUTHOR =       {Bing Qi and Chi-Hang Fred Fung and Hoi-Kwong Lo and Xiongfeng Ma},
  TITLE =        {Time-shift attack in practical quantum cryptosystems},
  JOURNAL =      {Quant.~Inf.~Comput.},
  YEAR =         {2007},
  volume =       {7},
  number =       {},
  pages =        {073},
  month =        {},
  note =         {},
  abstract =     {},
  keywords =     {},
  source =       {},
}

@article{Ma2012AlterMDI,
  title = {Alternative schemes for measurement-device-independent quantum key distribution},
  author = {Ma, Xiongfeng and Razavi, Mohsen},
  journal = {Phys. Rev. A},
  volume = {86},
  issue = {6},
  pages = {062319},
  numpages = {12},
  year = {2012},
  month = {Dec},
  publisher = {American Physical Society},
  doi = {10.1103/PhysRevA.86.062319},
  url = {http://link.aps.org/doi/10.1103/PhysRevA.86.062319}
}

@article{Ma2012StatMDI,
  title = {Statistical fluctuation analysis for measurement-device-independent quantum key distribution},
  author = {Ma, Xiongfeng and Fung, Chi-Hang Fred and Razavi, Mohsen},
  journal = {Phys. Rev. A},
  volume = {86},
  issue = {5},
  pages = {052305},
  numpages = {7},
  year = {2012},
  month = {Nov},
  publisher = {American Physical Society},
  doi = {10.1103/PhysRevA.86.052305},
  url = {http://link.aps.org/doi/10.1103/PhysRevA.86.052305}
}

@article{Lo1997Commitment,
  title = {Is Quantum Bit Commitment Really Possible?},
  author = {Lo, Hoi-Kwong and Chau, H. F.},
  journal = {Phys. Rev. Lett.},
  volume = {78},
  issue = {17},
  pages = {3410--3413},
  numpages = {0},
  year = {1997},
  month = {Apr},
  publisher = {American Physical Society},
  doi = {10.1103/PhysRevLett.78.3410},
  url = {http://link.aps.org/doi/10.1103/PhysRevLett.78.3410}
}

@article{Mayers1997Commitment,
  title = {Unconditionally Secure Quantum Bit Commitment is Impossible},
  author = {Mayers, Dominic},
  journal = {Phys. Rev. Lett.},
  volume = {78},
  issue = {17},
  pages = {3414--3417},
  numpages = {0},
  year = {1997},
  month = {Apr},
  publisher = {American Physical Society},
  doi = {10.1103/PhysRevLett.78.3414},
  url = {http://link.aps.org/doi/10.1103/PhysRevLett.78.3414}
}

@article{Cleve99,
  title = {How to Share a Quantum Secret},
  author = {Cleve, Richard and Gottesman, Daniel and Lo, Hoi-Kwong},
  journal = {Phys. Rev. Lett.},
  volume = {83},
  issue = {3},
  pages = {648--651},
  numpages = {0},
  year = {1999},
  month = {Jul},
  publisher = {American Physical Society},
  doi = {10.1103/PhysRevLett.83.648},
}

@inproceedings{Bennett1984BB84,
    address = {New York},
    author = {Bennett, C. H. and Brassard, G.},
    booktitle = {Proceedings of the IEEE International Conference on Computers, Systems and Signal Processing},
    keywords = {cryptography, information, quantum},
    location = {Bangalore, India},
    pages = {175--179},
    posted-at = {2011-04-10 12:01:38},
    priority = {2},
    publisher = {IEEE Press},
    title = {{Quantum Cryptography: Public Key Distribution and Coin Tossing}},
    year = {1984}
}

@article{Ekert:QKD:1991,
  title = {Quantum cryptography based on Bell's theorem},
  author = {Ekert, Artur K.},
  journal = {Phys. Rev. Lett.},
  volume = {67},
  issue = {6},
  pages = {661--663},
  year = {1991},
  month = {Aug},
  doi = {10.1103/PhysRevLett.67.661},
  url = {http://link.aps.org/doi/10.1103/PhysRevLett.67.661},
  publisher = {American Physical Society}
}

@article{Grassl1997Codes,
  title = {Codes for the quantum erasure channel},
  author = {Grassl, M. and Beth, Th. and Pellizzari, T.},
  journal = {Phys. Rev. A},
  volume = {56},
  issue = {1},
  pages = {33--38},
  numpages = {0},
  year = {1997},
  month = {Jul},
  publisher = {American Physical Society},
  doi = {10.1103/PhysRevA.56.33},
  url = {http://link.aps.org/doi/10.1103/PhysRevA.56.33}
}

@article{mayers2001unconditional,
  title={Unconditional security in quantum cryptography},
  author={Mayers, Dominic},
  journal={Journal of the ACM (JACM)},
  volume={48},
  number={3},
  pages={351--406},
  year={2001},
  publisher={ACM}
}


@article{Lo1999Science,
author = {Lo, Hoi-Kwong and Chau, H. F.},
title = {Unconditional Security of Quantum Key Distribution over Arbitrarily Long Distances},
volume = {283},
number = {5410},
pages = {2050-2056},
year = {1999},
doi = {10.1126/science.283.5410.2050},
abstract ={Quantum key distribution is widely thought to offer unconditional security in communication between two users. Unfortunately, a widely accepted proof of its security in the presence of source, device, and channel noises has been missing. This long-standing problem is solved here by showing that, given fault-tolerant quantum computers, quantum key distribution over an arbitrarily long distance of a realistic noisy channel can be made unconditionally secure. The proof is reduced from a noisy quantum scheme to a noiseless quantum scheme and then from a noiseless quantum scheme to a noiseless classical scheme, which can then be tackled by classical probability theory.},
journal = {Science}
#URL = {http://www.sciencemag.org/content/283/5410/2050.abstract},
#eprint = {http://www.sciencemag.org/content/283/5410/2050.full.pdf},
}

@article{Shor2000Proof,
  title = {Simple Proof of Security of the BB84 Quantum Key Distribution Protocol},
  author = {Shor, Peter W. and Preskill, John},
  journal = {Phys. Rev. Lett.},
  volume = {85},
  issue = {2},
  pages = {441--444},
  numpages = {0},
  year = {2000},
  month = {Jul},
  publisher = {American Physical Society},
  doi = {10.1103/PhysRevLett.85.441},
  url = {http://link.aps.org/doi/10.1103/PhysRevLett.85.441}
}

@ARTICLE{Shamir1979Secret,
  author = {Adi Shamir},
  title = {How to share a secret},
  journal = {Communications of the ACM 22 (11)}},
  year = {1979},
  doi ={ 10.1145/359168.359176},
  pages = {612 - 613},
  owner = {HeLu},
  timestamp = {2007.07.19}
}

@article{Laflamme96,
  title = {Perfect Quantum Error Correcting Code},
  author = {Laflamme, Raymond and Miquel, Cesar and Paz, Juan Pablo and Zurek, Wojciech Hubert},
  journal = {Phys. Rev. Lett.},
  volume = {77},
  issue = {1},
  pages = {198--201},
  numpages = {0},
  year = {1996},
  month = {Jul},
  publisher = {American Physical Society},
  doi = {10.1103/PhysRevLett.77.198},
}





@article{Koashi:Comp:09,
  author={M.~Koashi},
  title={Simple security proof of quantum key distribution based on complementarity},
  journal={New Journal of Physics},
  volume={11},
  number={4},
  pages={045018 (12pp)},
  year={2009},
  abstract={We present an approach to the unconditional security of quantum key distribution protocols based on a complementarity argument. The approach is applicable to, but not limited to, every case that has been treated via the argument by Shor and Preskill based on entanglement distillation, with a benefit of decoupling of the error correction from the privacy amplification. It can also treat cases with uncharacterized apparatuses. We derive a secure key rate for the Bennett-Brassard-1984 protocol with an arbitrary source characterized only by a single parameter representing the basis dependence.}
  url={http://stacks.iop.org/1367-2630/11/045018},
}

@article{sasaki2014practical,
  title={Practical quantum key distribution protocol without monitoring signal disturbance},
  author={Sasaki, Toshihiko and Yamamoto, Yoshihisa and Koashi, Masato},
  journal={Nature},
  volume={509},
  number={7501},
  pages={475--478},
  year={2014},
  publisher={Nature Publishing Group}
}

@article{Brassard2000PNS,
  title = {Limitations on Practical Quantum Cryptography},
  author = {Brassard, Gilles and L\"utkenhaus, Norbert and Mor, Tal and Sanders, Barry C.},
  journal = {Phys. Rev. Lett.},
  volume = {85},
  issue = {6},
  pages = {1330--1333},
  numpages = {0},
  year = {2000},
  month = {Aug},
  publisher = {American Physical Society},
  doi = {10.1103/PhysRevLett.85.1330},
  url = {http://link.aps.org/doi/10.1103/PhysRevLett.85.1330}
}


@article{GYS,
   author = "Gobby, C. and Yuan, Z. L. and Shields, A. J.",
   title = "Quantum key distribution over 122 km of standard telecom fiber",
   journal = "Applied Physics Letters",
   year = "2004",
   volume = "84",
   number = "19",
   eid = ,
   pages = "3762-3764",
   url = "http://scitation.aip.org/content/aip/journal/apl/84/19/10.1063/1.1738173",
   doi = "http://dx.doi.org/10.1063/1.1738173"
}

@ARTICLE{Discretephase2014,
   author = {{Cao}, Z. and {Zhang}, Z. and {Lo}, H.-K. and {Ma}, X.},
    title = "{Discrete-phase-randomized coherent state source and its application in quantum key distribution}",
  journal = {ArXiv e-prints},
archivePrefix = "arXiv",
   eprint = {1410.3217},
 primaryClass = "quant-ph",
 keywords = {Quantum Physics},
     year = 2014,
    month = oct,
   adsurl = {http://adsabs.harvard.edu/abs/2014arXiv1410.3217C},
  adsnote = {Provided by the SAO/NASA Astrophysics Data System}
}

@ARTICLE{LoPreskill:NonRan:2007,
  title={Security of quantum key distribution using weak coherent states with nonrandom phases},
  author={Hoi-Kwong Lo and John Preskill},
  journal={Quantum Inf.~Comput.},
  volume = {7},
  pages = {0431},
  year={2007}
}

@article{Gottesman2004GLLP,
	Author = {Daniel Gottesman and Hoi-Kwong Lo and Norbert L\"utkenhaus and John Preskill},
	Journal = {Quantum Inf.~Comput.},
	Pages = {325},
	Title = {Security of quantum key distribution with imperfect devices},
	Volume = {4},
	Year = {2004}
}

@article{PhysRevLett.92.217903,
  title = {Entanglement as a Precondition for Secure Quantum Key Distribution},
  author = {Curty, Marcos and Lewenstein, Maciej and L\"utkenhaus, Norbert},
  journal = {Phys. Rev. Lett.},
  volume = {92},
  issue = {21},
  pages = {217903},
  numpages = {4},
  year = {2004},
  month = {May},
  publisher = {American Physical Society},
  doi = {10.1103/PhysRevLett.92.217903},
  url = {http://link.aps.org/doi/10.1103/PhysRevLett.92.217903}
}

@ARTICLE{1176619,
author={Gottesman, D. and Hoi-Kwong Lo},
journal={Information Theory, IEEE Transactions on},
title={Proof of security of quantum key distribution with two-way classical communications},
year={2003},
month={Feb},
volume={49},
number={2},
pages={457-475},
keywords={error correction;error detection;error statistics;protocols;quantum cryptography;BER;bit error rate;classical post-processing;distillation;distribution protocols;entanglement purification protocols;error correction;error correction/detection;privacy amplification protocols;quantum key distribution security;secure protocol;two-way classical communications;upper bound;Bit error rate;Cryptographic protocols;Cryptography;Distributed computing;Error correction;Privacy;Purification;Quantum computing;Quantum entanglement;Security},
doi={10.1109/TIT.2002.807289},
ISSN={0018-9448},}

@article{Xu2014MDIEW,
  title = {Implementation of a Measurement-Device-Independent Entanglement Witness},
  author = {Xu, Ping and Yuan, Xiao and Chen, Luo-Kan and Lu, He and Yao, Xing-Can and Ma, Xiongfeng and Chen, Yu-Ao and Pan, Jian-Wei},
  journal = {Phys. Rev. Lett.},
  volume = {112},
  issue = {14},
  pages = {140506},
  numpages = {5},
  year = {2014},
  month = {Apr},
  publisher = {American Physical Society},
  doi = {10.1103/PhysRevLett.112.140506},
  url = {http://link.aps.org/doi/10.1103/PhysRevLett.112.140506}
}

@article{Ma2007Entangled,
  title = {Quantum key distribution with entangled photon sources},
  author = {Ma, Xiongfeng and Fung, Chi-Hang Fred and Lo, Hoi-Kwong},
  journal = {Phys. Rev. A},
  volume = {76},
  issue = {1},
  pages = {012307},
  numpages = {10},
  year = {2007},
  month = {Jul},
  publisher = {American Physical Society},
  doi = {10.1103/PhysRevA.76.012307},
  url = {http://link.aps.org/doi/10.1103/PhysRevA.76.012307}
}

@article{Ma2008PDC,
  author={Xiongfeng Ma and Hoi-Kwong Lo},
  title={Quantum key distribution with triggering parametric down-conversion sources},
  journal={New Journal of Physics},
  volume={10},
  number={7},
  pages={073018},
  url={http://stacks.iop.org/1367-2630/10/i=7/a=073018},
  year={2008},
  abstract={Parametric down-conversion (PDC) sources can be used as triggered single photon sources in quantum key distribution (QKD). Recently, there have been several practical proposals of the decoy state QKD with triggering PDC sources. In this paper, we generalize the passive decoy state idea, originally proposed by Mauerer and Silberhorn. The generalized passive decoy state idea can be applied to cases where either threshold detectors or photon-number-resolving detectors are used. The decoy state protocol proposed by Adachi, Yamamoto, Koashi and Imoto (AYKI) can be treated as a special case of the generalized passive decoy state method. By simulating a recent PDC experiment, we compare various practical decoy state protocols with the infinite decoy state protocol and also compare the cases using threshold detectors and photon-number-resolving detectors. Our simulation result shows that with the AYKI protocol, one can achieve a key generation rate that is close to the theoretical limit of an infinite decoy state protocol. Furthermore, our simulation result shows that a photon-number-resolving detector appears to be not very useful for improving QKD performance in this case. Although our analysis is focused on QKD with PDC sources, we emphasize that it can also be applied to QKD setups with other triggered single photon sources.}
}

@article{PhysRevLett.70.1895,
  title = {Teleporting an unknown quantum state via dual classical and Einstein-Podolsky-Rosen channels},
  author = {Bennett, Charles H. and Brassard, Gilles and Cr\'epeau, Claude and Jozsa, Richard and Peres, Asher and Wootters, William K.},
  journal = {Phys. Rev. Lett.},
  volume = {70},
  issue = {13},
  pages = {1895--1899},
  numpages = {0},
  year = {1993},
  month = {Mar},
  publisher = {American Physical Society},
  doi = {10.1103/PhysRevLett.70.1895},
  url = {http://link.aps.org/doi/10.1103/PhysRevLett.70.1895}
}

@INPROCEEDINGS{MayersYao98,
  AUTHOR =       {Dominic Mayers and Andrew Yao},
  TITLE =        {Quantum Cryptography with Imperfect Apparatus},
  BOOKTITLE =    {FOCS, 39th Annual Symposium on Foundations of Computer Science},
  YEAR =         {1998},
  editor =       {},
  volume =       {},
  number =       {},
  series =       {},
  pages =        {503},
  address =      {},
  month =        {},
  organization = {},
  publisher =    {IEEE, Computer Society Press, Los Alamitos},
  note =         {},
  abstract =     {},
  keywords =     {},
}

@inproceedings{Chor:Random:1985,
  title={Unbiased bits from sources of weak randomness and probabilistic communication complexity},
  author={Chor, B. and Goldreich, O.},
  booktitle={Foundations of Computer Science, 1985., 26th Annual Symposium on},
  pages={429--442},
  year={1985},
  organization={IEEE}
}

@inproceedings{Zuckerman:Random:1990,
  title={General weak random sources},
  author={Zuckerman, D.},
  booktitle={Foundations of Computer Science, 1990. Proceedings., 31st Annual Symposium on},
  pages={534--543},
  year={1990},
  organization={IEEE}
}

@article{BDSW96,
  title = {Mixed-state entanglement and quantum error correction},
  author = {Bennett, Charles H. and DiVincenzo, David P. and Smolin, John A. and Wootters, William K.},
  journal = {Phys. Rev. A},
  volume = {54},
  issue = {5},
  pages = {3824--3851},
  numpages = {0},
  year = {1996},
  month = {Nov},
  publisher = {American Physical Society},
  doi = {10.1103/PhysRevA.54.3824},
  url = {http://link.aps.org/doi/10.1103/PhysRevA.54.3824}
}

@article{bell1964einstein,
  title={On the einstein-podolsky-rosen paradox},
  author={Bell, John S and others},
  journal={Physics},
  volume={1},
  number={3},
  pages={195--200},
  year={1964},
  publisher={World Scientific}
}

@article{Clauser1969CHSH,
  title = {Proposed Experiment to Test Local Hidden-Variable Theories},
  author = {Clauser, John F. and Horne, Michael A. and Shimony, Abner and Holt, Richard A.},
  journal = {Phys. Rev. Lett.},
  volume = {23},
  issue = {15},
  pages = {880--884},
  numpages = {0},
  year = {1969},
  month = {Oct},
  publisher = {American Physical Society},
  doi = {10.1103/PhysRevLett.23.880},
  url = {http://link.aps.org/doi/10.1103/PhysRevLett.23.880}
}
